<?xml version="1.0" encoding="UTF-8"?><collection xmlns="http://www.loc.gov/MARC21/slim"><record><leader>00297nam--2200121-i-4500</leader><controlfield tag="001">000041080</controlfield><controlfield tag="002">20161230</controlfield><controlfield tag="005">20161230201043</controlfield><controlfield tag="008">060222s1000------------r-----000-0-eng-d</controlfield><datafield ind1=" " ind2=" " tag="100"><subfield code="a">Selwood,Pierce W</subfield></datafield><datafield ind1=" " ind2=" " tag="245"><subfield code="a">Magnetochemistry</subfield></datafield><datafield ind1=" " ind2=" " tag="260"><subfield code="a">New York, Interscience Publ.,1943. Ix + 287 P</subfield></datafield><datafield ind1=" " ind2=" " tag="852"><subfield code="a">938</subfield></datafield></record></collection>